# ARIMA
# liu2020predicting, duan2020arima, arunkumar2021forecasting, hernandez2020forecasting
@article{liu2020predicting,
  title={Predicting and analyzing the COVID-19 epidemic in China: Based on SEIRD, LSTM and GWR models},
  author={Liu, Fenglin and Wang, Jie and Liu, Jiawen and Li, Yue and Liu, Dagong and Tong, Junliang and Li, Zhuoqun and Yu, Dan and Fan, Yifan and Bi, Xiaohui and others},
  journal={PloS one},
  volume={15},
  number={8},
  pages={e0238280},
  year={2020},
  publisher={Public Library of Science San Francisco, CA USA}
}

@article{pastor2015epidemic,
  title={Epidemic processes in complex networks},
  author={Pastor-Satorras, Romualdo and Castellano, Claudio and Van Mieghem, Piet and Vespignani, Alessandro},
  journal={Reviews of modern physics},
  volume={87},
  number={3},
  pages={925--979},
  year={2015},
  publisher={APS}
}

@article{das2024sir,
  title={SIR epidemics in interconnected networks: threshold curve and phase transition},
  author={Das, Saswata and Samaei, Mohammad Hossein and Scoglio, Caterina},
  journal={Applied Network Science},
  volume={9},
  number={1},
  pages={50},
  year={2024},
  publisher={Springer}
}
@ARTICLE{10876117,
  author={Hossein Samaei, Mohammad and Darabi Sahneh, Faryad and Scoglio, Caterina},
  journal={IEEE Access}, 
  title={FastGEMF: Scalable High-Speed Simulation of Stochastic Spreading Processes Over Complex Multilayer Networks}, 
  year={2025},
  volume={13},
  number={},
  pages={27112-27125},
  keywords={Stochastic processes;Epidemics;Nonhomogeneous media;Computational modeling;Analytical models;Scalability;Python;Complexity theory;Accuracy;Solid modeling;Complex networks;Markov process;epidemic spreading;mechanistic models;simulation},
  doi={10.1109/ACCESS.2025.3539345}}

@article{XU2022105342,
title = {Forecasting COVID-19 new cases using deep learning methods},
journal = {Computers in Biology and Medicine},
volume = {144},
pages = {105342},
year = {2022},
issn = {0010-4825},
doi = {https://doi.org/10.1016/j.compbiomed.2022.105342},
url = {https://www.sciencedirect.com/science/article/pii/S0010482522001342},
author = {Lu Xu and Rishikesh Magar and Amir {Barati Farimani}},
keywords = {Sars-Cov-2, Deep Learning, Forecasting, Infected Population},
abstract = {After nearly two years since the first identification of SARS-CoV-2 virus, the surge in cases because of virus mutations is a cause of grave public health concern across the globe. As a result of this health crisis, predicting the transmission pattern of the virus is one of the most vital tasks for preparing and controlling the pandemic. In addition to mathematical models, machine learning tools, especially deep learning models have been developed for forecasting the trend of the number of patients affected by SARS-CoV-2 with great success. In this paper, three deep learning models, including CNN, LSTM, and the CNN-LSTM have been developed to predict the number of COVID-19 cases for Brazil, India and Russia. We also compare the performance of our models with the previously developed deep learning models and notice significant improvements in prediction performance. Although our models have been used only for forecasting cases in these three countries, the models can be easily applied to datasets of other countries. Among the models developed in this work, the LSTM model has the highest performance when forecasting and shows an improvement in the forecasting accuracy compared with some existing models. The research will enable accurate forecasting of the COVID-19 cases and support the global fight against the pandemic.}
}
@article{sholehrasa2024integrating,
  title={Integrating Protein Sequence and Expression Level to Analysis Molecular Characterization of Breast Cancer Subtypes},
  author={Sholehrasa, Hossein},
  journal={arXiv preprint arXiv:2410.01755},
  year={2024}
}
@article{duan2020arima,
  title={ARIMA modelling and forecasting of irregularly patterned COVID-19 outbreaks using Japanese and South Korean data},
  author={Duan, Xingde and Zhang, Xiaolei},
  journal={Data in brief},
  volume={31},
  pages={105779},
  year={2020},
  publisher={Elsevier}
}
@article{arunkumar2021forecasting,
  title={Forecasting the dynamics of cumulative COVID-19 cases (confirmed, recovered and deaths) for top-16 countries using statistical machine learning models: Auto-Regressive Integrated Moving Average (ARIMA) and Seasonal Auto-Regressive Integrated Moving Average (SARIMA)},
  author={ArunKumar, KE and Kalaga, Dinesh V and Kumar, Ch Mohan Sai and Chilkoor, Govinda and Kawaji, Masahiro and Brenza, Timothy M},
  journal={Applied soft computing},
  volume={103},
  pages={107161},
  year={2021},
  publisher={Elsevier}
}

@article{hosseini2024parsimonious,
  title={A parsimonious Bayesian predictive model for forecasting new reported cases of West Nile disease},
  author={Hosseini, Saman and Cohnstaedt, Lee W and Humphreys, John M and Scoglio, Caterina},
  journal={Infectious Disease Modelling},
  volume={9},
  number={4},
  pages={1175--1197},
  year={2024},
  publisher={Elsevier}
}


@article{hernandez2020forecasting,
  title={Forecasting of COVID19 per regions using ARIMA models and polynomial functions},
  author={Hernandez-Matamoros, Andres and Fujita, Hamido and Hayashi, Toshitaka and Perez-Meana, Hector},
  journal={Applied soft computing},
  volume={96},
  pages={106610},
  year={2020},
  publisher={Elsevier}
}
# Logistic
@article{roosa2020real,
  title={Real-time forecasts of the COVID-19 epidemic in China from February 5th to February 24th, 2020},
  author={Roosa, Kimberlyn and Lee, Yiseul and Luo, Ruiyan and Kirpich, Alexander and Rothenberg, Richard and Hyman, James M and Yan, Ping and Chowell, Gerardo},
  journal={Infectious Disease Modelling},
  volume={5},
  pages={256--263},
  year={2020},
  publisher={Elsevier}
}
# -----------------
@article{ihme2020forecasting,
  title={Forecasting the impact of the first wave of the COVID-19 pandemic on hospital demand and deaths for the USA and European Economic Area countries},
  author={IHME COVID-19 Health Service Utilization Forecasting Team and Murray, Christopher JL},
  journal={MedRxiv},
  pages={2020--04},
  year={2020},
  publisher={Cold Spring Harbor Laboratory Press}
}
@article{ihme2020forecasting,
  title={Forecasting the impact of the first wave of the COVID-19 pandemic on hospital demand and deaths for the USA and European Economic Area countries},
  author={IHME COVID-19 Health Service Utilization Forecasting Team and Murray, Christopher JL},
  journal={MedRxiv},
  pages={2020--04},
  year={2020},
  publisher={Cold Spring Harbor Laboratory Press}
}
@article{sujath2020machine,
  title={A machine learning forecasting model for COVID-19 pandemic in India},
  author={Sujath, R at al and Chatterjee, Jyotir Moy and Hassanien, Aboul Ella},
  journal={Stochastic Environmental Research and Risk Assessment},
  volume={34},
  pages={959--972},
  year={2020},
  publisher={Springer}
}



[101]

@article{rahimi2021review,
  title={A review on COVID-19 forecasting models},
  author={Rahimi, Iman and Chen, Fang and Gandomi, Amir H},
  journal={Neural Computing and Applications},
  pages={1--11},
  year={2021},
  publisher={Springer}
}
31 
@article{moftakhar2020exponentially,
  title={Exponentially increasing trend of infected patients with COVID-19 in Iran: a comparison of neural network and ARIMA forecasting models},
  author={Moftakhar, Leila and Mozhgan, SEIF and Safe, Marziyeh Sadat},
  journal={Iranian Journal of Public Health},
  volume={49},
  number={Suppl 1},
  pages={92},
  year={2020},
  publisher={Tehran University of Medical Sciences}
}
55-58
@article{roy2021spatial,
  title={Spatial prediction of COVID-19 epidemic using ARIMA techniques in India},
  author={Roy, Santanu and Bhunia, Gouri Sankar and Shit, Pravat Kumar},
  journal={Modeling earth systems and environment},
  volume={7},
  pages={1385--1391},
  year={2021},
  publisher={Springer}
}
56 
@article{roy2021spatial,
  title={Spatial prediction of COVID-19 epidemic using ARIMA techniques in India},
  author={Roy, Santanu and Bhunia, Gouri Sankar and Shit, Pravat Kumar},
  journal={Modeling earth systems and environment},
  volume={7},
  pages={1385--1391},
  year={2021},
  publisher={Springer}
}
57
 @article{kufel2020arima,
  title={ARIMA-based forecasting of the dynamics of confirmed Covid-19 cases for selected European countries},
  author={Kufel, Tadeusz and others},
  journal={Equilibrium. Quarterly Journal of Economics and Economic Policy},
  volume={15},
  number={2},
  pages={181--204},
  year={2020},
  publisher={Instytut Bada{\'n} Gospodarczych}
}

58. 
@article{singh2020development,
  title={Development of new hybrid model of discrete wavelet decomposition and autoregressive integrated moving average (ARIMA) models in application to one month forecast the casualties cases of COVID-19},
  author={Singh, Sarbjit and Parmar, Kulwinder Singh and Kumar, Jatinder and Makkhan, Sidhu Jitendra Singh},
  journal={Chaos, Solitons \& Fractals},
  volume={135},
  pages={109866},
  year={2020},
  publisher={Elsevier}
}

100

@article{fathollahi2022sustainable,
  title={Sustainable and robust home healthcare logistics: A response to the COVID-19 pandemic},
  author={Fathollahi-Fard, Amir M and Ahmadi, Abbas and Karimi, Behrooz},
  journal={Symmetry},
  volume={14},
  number={2},
  pages={193},
  year={2022},
  publisher={MDPI}
}

24 37 38
@article{chen2020reconstructing,
  title={Reconstructing and forecasting the COVID-19 epidemic in the United States using a 5-parameter logistic growth model},
  author={Chen, Ding-Geng and Chen, Xinguang and Chen, Jenny K},
  journal={Global health research and policy},
  volume={5},
  number={1},
  pages={1--7},
  year={2020},
  publisher={BioMed Central}
}
@article{li2020trend,
  title={Trend and forecasting of the COVID-19 outbreak in China},
  author={Li, Qiang and Feng, Wei and Quan, Ying-Hui},
  journal={Journal of Infection},
  volume={80},
  number={4},
  pages={469--496},
  year={2020},
  publisher={Elsevier}
}
@article{qeadan2020naive,
  title={Naive forecast for COVID-19 in Utah based on the South Korea and Italy models-the fluctuation between two extremes},
  author={Qeadan, Fares and Honda, Trenton and Gren, Lisa H and Dailey-Provost, Jennifer and Benson, L Scott and VanDerslice, James A and Porucznik, Christina A and Waters, A Blake and Lacey, Steven and Shoaf, Kimberley},
  journal={International Journal of Environmental Research and Public Health},
  volume={17},
  number={8},
  pages={2750},
  year={2020},
  publisher={MDPI}
}


68 69 70 
@article{taylor2018forecasting,
  title={Forecasting at scale},
  author={Taylor, Sean J and Letham, Benjamin},
  journal={The American Statistician},
  volume={72},
  number={1},
  pages={37--45},
  year={2018},
  publisher={Taylor \& Francis}
}
@article{taylor2017prophet,
  title={prophet: Automatic forecasting procedure},
  author={Taylor, Sean and Letham, Ben},
  journal={R package version 0.2},
  volume={1},
  pages={360},
  year={2017}
}
@article{ndiaye2020analysis,
  title={Analysis of the COVID-19 pandemic by SIR model and machine learning technics for forecasting},
  author={Ndiaye, Babacar Mbaye and Tendeng, Lena and Seck, Diaraf},
  journal={arXiv preprint arXiv:2004.01574},
  year={2020}
}

60-61-62
@article{bengio2013representation,
  title={Representation learning: A review and new perspectives},
  author={Bengio, Yoshua and Courville, Aaron and Vincent, Pascal},
  journal={IEEE transactions on pattern analysis and machine intelligence},
  volume={35},
  number={8},
  pages={1798--1828},
  year={2013},
  publisher={IEEE}
}
61. @article{schmidhuber2015deep,
  title={Deep learning in neural networks: An overview},
  author={Schmidhuber, J{\"u}rgen},
  journal={Neural networks},
  volume={61},
  pages={85--117},
  year={2015},
  publisher={Elsevier}
}
62. @article{tygert2016mathematical,
  title={A mathematical motivation for complex-valued convolutional networks},
  author={Tygert, Mark and Bruna, Joan and Chintala, Soumith and LeCun, Yann and Piantino, Serkan and Szlam, Arthur},
  journal={Neural computation},
  volume={28},
  number={5},
  pages={815--825},
  year={2016},
  publisher={MIT Press}
}

[25, 63], [39] [31, 40]. 42–44]
@article{chimmula2020time,
  title={Time series forecasting of COVID-19 transmission in Canada using LSTM networks},
  author={Chimmula, Vinay Kumar Reddy and Zhang, Lei},
  journal={Chaos, Solitons \& Fractals},
  volume={135},
  pages={109864},
  year={2020},
  publisher={Elsevier}
}

@article{ayyoubzadeh2020predicting,
  title={Predicting COVID-19 incidence through analysis of google trends data in Iran: data mining and deep learning pilot study},
  author={Ayyoubzadeh, Seyed Mohammad and Ayyoubzadeh, Seyed Mehdi and Zahedi, Hoda and Ahmadi, Mahnaz and Kalhori, Sharareh R Niakan},
  journal={JMIR public health and surveillance},
  volume={6},
  number={2},
  pages={e18828},
  year={2020},
  publisher={JMIR Publications Inc., Toronto, Canada}
}

@article{moftakhar2020exponentially,
  title={Exponentially increasing trend of infected patients with COVID-19 in Iran: a comparison of neural network and ARIMA forecasting models},
  author={Moftakhar, Leila and Mozhgan, SEIF and Safe, Marziyeh Sadat},
  journal={Iranian Journal of Public Health},
  volume={49},
  number={Suppl 1},
  pages={92},
  year={2020},
  publisher={Tehran University of Medical Sciences}
}

@article{fong2020finding,
  title={Finding an accurate early forecasting model from small dataset: A case of 2019-ncov novel coronavirus outbreak},
  author={Fong, Simon James and Li, Gloria and Dey, Nilanjan and Crespo, Rub{\'e}n Gonz{\'a}lez and Herrera-Viedma, Enrique},
  journal={arXiv preprint arXiv:2003.10776},
  year={2020}
}

@article{tamang2020forecasting,
  title={Forecasting of Covid-19 cases based on prediction using artificial neural network curve fitting technique},
  author={Tamang, SK and Singh, PD and Datta, B},
  journal={Global Journal of Environmental Science and Management},
  volume={6},
  number={Special Issue (Covid-19)},
  pages={53--64},
  year={2020},
  publisher={GJESM Publisher}
}

@article{horby2020effect,
  title={Effect of dexamethasone in hospitalized patients with COVID-19--preliminary report},
  author={Horby, Peter and Lim, Wei Shen and Emberson, Jonathan and Mafham, Marion and Bell, Jennifer and Linsell, Louise and Staplin, Natalie and Brightling, Christopher and Ustianowski, Andrew and Elmahi, Einas and others},
  journal={MedRxiv},
  pages={2020--06},
  year={2020},
  publisher={Cold Spring Harbor Laboratory Press}
}
@article{ribeiro2020short,
  title={Short-term forecasting COVID-19 cumulative confirmed cases: Perspectives for Brazil},
  author={Ribeiro, Matheus Henrique Dal Molin and da Silva, Ramon Gomes and Mariani, Viviana Cocco and dos Santos Coelho, Leandro},
  journal={Chaos, Solitons \& Fractals},
  volume={135},
  pages={109853},
  year={2020},
  publisher={Elsevier}
}
@article{sujath2020machine,
  title={A machine learning forecasting model for COVID-19 pandemic in India},
  author={Sujath, R at al and Chatterjee, Jyotir Moy and Hassanien, Aboul Ella},
  journal={Stochastic Environmental Research and Risk Assessment},
  volume={34},
  pages={959--972},
  year={2020},
  publisher={Springer}
}
# -------------------------------------------------------
@article{abbasimehr2021prediction,
  title={Prediction of COVID-19 confirmed cases combining deep learning methods and Bayesian optimization},
  author={Abbasimehr, Hossein and Paki, Reza},
  journal={Chaos, Solitons \& Fractals},
  volume={142},
  pages={110511},
  year={2021},
  publisher={Elsevier}
}
@article{He2020ADS,
  title={A discrete stochastic model of the COVID-19 outbreak: Forecast and control.},
  author={Sha He and Sanyi Tang and Libin Rong},
  journal={Mathematical biosciences and engineering : MBE},
  year={2020},
  volume={17 4},
  pages={
          2792-2804
        }
}
@article{NiaPyJOSS2018,
        author  = {Vrban{\v{c}}i{\v{c}}, Grega and Brezo{\v{c}}nik, Lucija
                  and Mlakar, Uro{\v{s}} and Fister, Du{\v{s}}an and {Fister Jr.}, Iztok},
        title   = {{NiaPy: Python microframework for building nature-inspired algorithms}},
        journal = {{Journal of Open Source Software}},
        year    = {2018},
        volume  = {3},
        issue   = {23},
        issn    = {2475-9066},
        doi     = {10.21105/joss.00613},
        url     = {https://doi.org/10.21105/joss.00613}
}

@misc{chollet2015keras,
  title={Keras},
  author={Chollet, Fran\c{c}ois and others},
  year={2015},
  howpublished={\url{https://keras.io}},
}
@article{achterberg2020comparing,
  title={Comparing the accuracy of several network-based COVID-19 prediction algorithms},
  author={Achterberg, Massimo A and Prasse, Bastian and Ma, Long and Trajanovski, Stojan and Kitsak, Maksim and Van Mieghem, Piet},
  journal={International journal of forecasting},
  year={2020},
  publisher={Elsevier}
}

@inproceedings{alizadeh2020network,
  title={Network traffic forecasting based on fixed telecommunication data using deep learning},
  author={Alizadeh, Mousa and Beheshti, Mohammad TH and Ramezani, Amin and Saadatinezhad, Hadis},
  booktitle={2020 6th Iranian Conference on Signal Processing and Intelligent Systems (ICSPIS)},
  pages={1--7},
  year={2020},
  organization={IEEE}
}

@inproceedings{alizadeh2021combination,
  title={Combination of Feature Selection and Hybrid Classifier as to Network Intrusion Detection System Adopting FA, GWO, and BAT Optimizers},
  author={Alizadeh, Mousa and Mousavi, Sadegh E and Beheshti, Mohammad TH and Ostadi, Ali},
  booktitle={2021 7th International Conference on Signal Processing and Intelligent Systems (ICSPIS)},
  pages={1--7},
  year={2021},
  organization={IEEE}
}

@article{arora2020prediction,
  title={Prediction and analysis of COVID-19 positive cases using deep learning models: A descriptive case study of India},
  author={Arora, Parul and Kumar, Himanshu and Panigrahi, Bijaya Ketan},
  journal={Chaos, Solitons \& Fractals},
  volume={139},
  pages={110017},
  year={2020},
  publisher={Elsevier}
}

@article{collou2019digitalization,
  title={Digitalization of HRM: designing a simulation model for HR decision making: The development of a simulation for the alignment of HR-practices},
  author={Collou, Luuk D and Bruinsma, GWJ and van Riemsdijk, MJ},
  year={2019},
  publisher={Saxion University of Applied Sciences}
}

@article{de2022covid,
  title={COVID-19 Time Series Forecasting--Twenty Days Ahead},
  author={de Carvalho, Kathleen CM and Vicente, Jo{\~a}o Paulo and Teixeira, Jo{\~a}o Paulo},
  journal={Procedia computer science},
  volume={196},
  pages={1021--1027},
  year={2022},
  publisher={Elsevier}
}

@article{galasso2022random,
  title={A random forest model for forecasting regional COVID-19 cases utilizing reproduction number estimates and demographic data},
  author={Galasso, Joseph and Cao, Duy M and Hochberg, Robert},
  journal={Chaos, Solitons \& Fractals},
  volume={156},
  pages={111779},
  year={2022},
  publisher={Elsevier}
}

@article{gandomi2011mixed,
  title={Mixed variable structural optimization using firefly algorithm},
  author={Gandomi, Amir Hossein and Yang, Xin-She and Alavi, Amir Hossein},
  journal={Computers \& Structures},
  volume={89},
  number={23-24},
  pages={2325--2336},
  year={2011},
  publisher={Elsevier}
}

@article{guo2020short,
  title={A short-term load forecasting model of multi-scale CNN-LSTM hybrid neural network considering the real-time electricity price},
  author={Guo, Xifeng and Zhao, Qiannan and Zheng, Di and Ning, Yi and Gao, Ye},
  journal={Energy Reports},
  volume={6},
  pages={1046--1053},
  year={2020},
  publisher={Elsevier}
}

@article{gupta2020trend,
  title={Trend Analysis and Forecasting of COVID-19 outbreak in India},
  author={Gupta, Rajan and Pal, Saibal K},
  journal={MedRxiv},
  year={2020},
  publisher={Cold Spring Harbor Laboratory Press}
}


@article{kafieh2020isfahan,
  title={Isfahan and COVID-19: Deep spatiotemporal representation},
  author={Kafieh, Rahele and Saeedizadeh, Narges and Arian, Roya and Amini, Zahra and Serej, Nasim Dadashi and Vaezi, Atefeh and Javanmard, Shaghayegh Haghjooy},
  journal={Chaos, Solitons \& Fractals},
  volume={141},
  pages={110339},
  year={2020},
  publisher={Elsevier}
}

@article{ko2020deep,
  title={Deep concatenated residual network with bidirectional LSTM for one-hour-ahead wind power forecasting},
  author={Ko, Min-Seung and Lee, Kwangsuk and Kim, Jae-Kyeong and Hong, Chang Woo and Dong, Zhao Yang and Hur, Kyeon},
  journal={IEEE Transactions on Sustainable Energy},
  volume={12},
  number={2},
  pages={1321--1335},
  year={2020},
  publisher={IEEE}
}

@article{kucharski2020early,
  title={Early dynamics of transmission and control of COVID-19: a mathematical modelling study},
  author={Kucharski, Adam J and Russell, Timothy W and Diamond, Charlie and Liu, Yang and Edmunds, John and Funk, Sebastian and Eggo, Rosalind M and Sun, Fiona and Jit, Mark and Munday, James D and others},
  journal={The lancet infectious diseases},
  volume={20},
  number={5},
  pages={553--558},
  year={2020},
  publisher={Elsevier}
}

@article{lecun2015deep,
  title={Deep learning},
  author={LeCun, Yann and Bengio, Yoshua and Hinton, Geoffrey},
  journal={nature},
  volume={521},
  number={7553},
  pages={436--444},
  year={2015},
  publisher={Nature Publishing Group}
}

@article{li2020coupled,
  title={Coupled application of generative adversarial networks and conventional neural networks for travel mode detection using GPS data},
  author={Li, Linchao and Zhu, Jiasong and Zhang, Hailong and Tan, Huachun and Du, Bowen and Ran, Bin},
  journal={Transportation Research Part A: Policy and Practice},
  volume={136},
  pages={282--292},
  year={2020},
  publisher={Elsevier}
}

@article{mamoudan2022food,
  title={Food products pricing theory with application of machine learning and game theory approach},
  author={Mamoudan, Mobina Mousapour and Mohammadnazari, Zahra and Ostadi, Ali and Esfahbodi, Ali},
  journal={International Journal of Production Research},
  pages={1--21},
  year={2022},
  publisher={Taylor \& Francis}
}

@article{mirjalili2016whale,
  title={The whale optimization algorithm},
  author={Mirjalili, Seyedali and Lewis, Andrew},
  journal={Advances in engineering software},
  volume={95},
  pages={51--67},
  year={2016},
  publisher={Elsevier}
}

@article{mirjalili2014grey,
  title={Grey wolf optimizer},
  author={Mirjalili, Seyedali and Mirjalili, Seyed Mohammad and Lewis, Andrew},
  journal={Advances in engineering software},
  volume={69},
  pages={46--61},
  year={2014},
  publisher={Elsevier}
}

@article{mohan2022predicting,
  title={Predicting the impact of the third wave of COVID-19 in India using hybrid statistical machine learning models: A time series forecasting and sentiment analysis approach},
  author={Mohan, Sumit and Solanki, Anil Kumar and Taluja, Harish Kumar and Singh, Anuj and others},
  journal={Computers in Biology and Medicine},
  volume={144},
  pages={105354},
  year={2022},
  publisher={Elsevier}
}

@article{nesa2022forecasting,
  title={Forecasting COVID-19 situation in Bangladesh},
  author={Nesa, Mossamet Kamrun and Babu, Md Rashed and Khan, Mohammad Tareq Mamun},
  journal={Biosafety and Health},
  volume={4},
  number={1},
  pages={6--10},
  year={2022},
  publisher={Elsevier}
}

@article{parbat2020python,
  title={A python based support vector regression model for prediction of COVID19 cases in India},
  author={Parbat, Debanjan and Chakraborty, Monisha},
  journal={Chaos, Solitons \& Fractals},
  volume={138},
  pages={109942},
  year={2020},
  publisher={Elsevier}
}

@article{ribeiro2020short,
  title={Short-term forecasting COVID-19 cumulative confirmed cases: Perspectives for Brazil},
  author={Ribeiro, Matheus Henrique Dal Molin and da Silva, Ramon Gomes and Mariani, Viviana Cocco and dos Santos Coelho, Leandro},
  journal={Chaos, Solitons \& Fractals},
  volume={135},
  pages={109853},
  year={2020},
  publisher={Elsevier}
}

@article{sharma2021interpretive,
  title={The interpretive model of manufacturing: a theoretical framework and research agenda for machine learning in manufacturing},
  author={Sharma, Ajit and Zhang, Zhibo and Rai, Rahul},
  journal={International Journal of Production Research},
  volume={59},
  number={16},
  pages={4960--4994},
  year={2021},
  publisher={Taylor \& Francis}
}

@article{srivastava2018comparative,
  title={A comparative study of LSTM neural networks in forecasting day-ahead global horizontal irradiance with satellite data},
  author={Srivastava, Shikhar and Lessmann, Stefan},
  journal={Solar Energy},
  volume={162},
  pages={232--247},
  year={2018},
  publisher={Elsevier}
}

@article{vadyala2021prediction,
  title={Prediction of the number of COVID-19 confirmed cases based on K-means-LSTM},
  author={Vadyala, Shashank Reddy and Betgeri, Sai Nethra and Sherer, Eric A and Amritphale, Amod},
  journal={Array},
  volume={11},
  pages={100085},
  year={2021},
  publisher={Elsevier}
}

@article{wang2017deterministic,
  title={Deterministic and probabilistic forecasting of photovoltaic power based on deep convolutional neural network},
  author={Wang, Huaizhi and Yi, Haiyan and Peng, Jianchun and Wang, Guibin and Liu, Yitao and Jiang, Hui and Liu, Wenxin},
  journal={Energy conversion and management},
  volume={153},
  pages={409--422},
  year={2017},
  publisher={Elsevier}
}

@article{wang2020prediction,
  title={Prediction of epidemic trends in COVID-19 with logistic model and machine learning technics},
  author={Wang, Peipei and Zheng, Xinqi and Li, Jiayang and Zhu, Bangren},
  journal={Chaos, Solitons \& Fractals},
  volume={139},
  pages={110058},
  year={2020},
  publisher={Elsevier}
}

@article{wang2019forecasting,
  title={Forecasting district-scale energy dynamics through integrating building network and long short-term memory learning algorithm},
  author={Wang, Wei and Hong, Tianzhen and Xu, Xiaodong and Chen, Jiayu and Liu, Ziang and Xu, Ning},
  journal={Applied Energy},
  volume={248},
  pages={217--230},
  year={2019},
  publisher={Elsevier}
}


@article{wu2020nowcasting,
  title={Nowcasting and forecasting the potential domestic and international spread of the 2019-nCoV outbreak originating in Wuhan, China: a modelling study},
  author={Wu, Joseph T and Leung, Kathy and Leung, Gabriel M},
  journal={The Lancet},
  volume={395},
  number={10225},
  pages={689--697},
  year={2020},
  publisher={Elsevier}
}

@article{xu2022forecasting,
  title={Forecasting COVID-19 new cases using deep learning methods},
  author={Xu, Lu and Magar, Rishikesh and Farimani, Amir Barati},
  journal={Computers in biology and medicine},
  volume={144},
  pages={105342},
  year={2022},
  publisher={Elsevier}
}

@article{yao2021optimal,
  title={Optimal long-term prediction of Taiwan’s transport energy by convolutional neural network and wildebeest herd optimizer},
  author={Yao, Shunyu and Xu, Yi-Peng and Ramezani, Ehsan},
  journal={Energy Reports},
  volume={7},
  pages={218--227},
  year={2021},
  publisher={Elsevier}
}

@article{zeroual2020deep,
  title={Deep learning methods for forecasting COVID-19 time-Series data: A Comparative study},
  author={Zeroual, Abdelhafid and Harrou, Fouzi and Dairi, Abdelkader and Sun, Ying},
  journal={Chaos, Solitons \& Fractals},
  volume={140},
  pages={110121},
  year={2020},
  publisher={Elsevier}
}

@article{zhang2021deep,
  title={Deep learning for short-term voltage stability assessment of power systems},
  author={Zhang, Meng and Li, Jiazheng and Li, Yang and Xu, Runnan},
  journal={IEEE Access},
  volume={9},
  pages={29711--29718},
  year={2021},
  publisher={IEEE}
}

@article{zhou2022interpretable,
  title={Interpretable Temporal Attention Network for COVID-19 forecasting},
  author={Zhou, Binggui and Yang, Guanghua and Shi, Zheng and Ma, Shaodan},
  journal={Applied Soft Computing},
  volume={120},
  pages={108691},
  year={2022},
  publisher={Elsevier}
}

@article{zhuang2020preliminary,
  title={Preliminary estimation of the novel coronavirus disease (COVID-19) cases in Iran: A modelling analysis based on overseas cases and air travel data},
  author={Zhuang, Zian and Zhao, Shi and Lin, Qianying and Cao, Peihua and Lou, Yijun and Yang, Lin and He, Daihai},
  journal={International Journal of Infectious Diseases},
  volume={94},
  pages={29--31},
  year={2020},
  publisher={Elsevier}
}


%Alexandria Engineering Journal
@article{naeem2023soft,
  title={Soft computing techniques for forecasting of COVID-19 in Pakistan},
  author={Naeem, Muhammad and Mashwani, Wali Khan and Abiad, Mohammad and Shah, Habib and Khan, Zardad and Aamir, Muhammad},
  journal={Alexandria Engineering Journal},
  volume={63},
  pages={45--56},
  year={2023},
  publisher={Elsevier}
}

@article{arunkumar2022comparative,
  title={Comparative analysis of Gated Recurrent Units (GRU), long Short-Term memory (LSTM) cells, autoregressive Integrated moving average (ARIMA), seasonal autoregressive Integrated moving average (SARIMA) for forecasting COVID-19 trends},
  author={ArunKumar, KE and Kalaga, Dinesh V and Kumar, Ch Mohan Sai and Kawaji, Masahiro and Brenza, Timothy M},
  journal={Alexandria engineering journal},
  volume={61},
  number={10},
  pages={7585--7603},
  year={2022},
  publisher={Elsevier}
}

@article{bastos2021covid,
  title={The COVID-19 (SARS-CoV-2) uncertainty tripod in Brazil: Assessments on model-based predictions with large under-reporting},
  author={Bastos, Saulo B and Morato, Marcelo M and Cajueiro, Daniel O and Normey-Rico, Julio E},
  journal={Alexandria Engineering Journal},
  volume={60},
  number={5},
  pages={4363--4380},
  year={2021},
  publisher={Elsevier}
}

@article{atchade2022overview,
  title={Overview and cross-validation of COVID-19 forecasting univariate models},
  author={Atchad{\'e}, Mintod{\^e} Nicod{\`e}me and Sokadjo, Yves Morel},
  journal={Alexandria Engineering Journal},
  volume={61},
  number={4},
  pages={3021--3036},
  year={2022},
  publisher={Elsevier}
}
#------------ Table
@article{rahman2019deep,
  title={Deep learning using convolutional LSTM estimates biological age from physical activity},
  author={Rahman, Syed Ashiqur and Adjeroh, Donald A},
  journal={Scientific reports},
  volume={9},
  number={1},
  pages={1--15},
  year={2019},
  publisher={Springer}
}
@article{wozniak2023bilstm,
  title={BiLSTM deep neural network model for imbalanced medical data of IoT systems},
  author={Wo{\'z}niak, Marcin and Wieczorek, Micha{\l} and Si{\l}ka, Jakub},
  journal={Future Generation Computer Systems},
  volume={141},
  pages={489--499},
  year={2023},
  publisher={Elsevier}
}
@article{lindemann2021survey,
  title={A survey on long short-term memory networks for time series prediction},
  author={Lindemann, Benjamin and M{\"u}ller, Timo and Vietz, Hannes and Jazdi, Nasser and Weyrich, Michael},
  journal={Procedia CIRP},
  volume={99},
  pages={650--655},
  year={2021},
  publisher={Elsevier}
}
@article{shah2021deep,
  title={Deep GRU-CNN model for COVID-19 detection from chest X-rays data},
  author={Shah, Pir Masoom and Ullah, Faizan and Shah, Dilawar and Gani, Abdullah and Maple, Carsten and Wang, Yulin and Abrar, Mohammad and Islam, Saif Ul and others},
  journal={Ieee Access},
  volume={10},
  pages={35094--35105},
  year={2021},
  publisher={IEEE}
}
@article{han2022survey,
  title={A Survey on Deep Learning in COVID-19 Diagnosis},
  author={Han, Xue and Hu, Zuojin and Wang, Shuihua and Zhang, Yudong},
  journal={Journal of Imaging},
  volume={9},
  number={1},
  pages={1},
  year={2022},
  publisher={MDPI}
}
@inproceedings{emam2020comparative,
  title={A Comparative study between CNN, LSTM, and CLDNN models in the context of radio modulation classification},
  author={Emam, Ayman and Shalaby, M and Aboelazm, Mohamed Atta and Abou Bakr, Hossam E and Mansour, Hany AA},
  booktitle={2020 12th International Conference on Electrical Engineering (ICEENG)},
  pages={190--195},
  year={2020},
  organization={IEEE}
}

@book{nemenyi1963distribution,
  title={Distribution-free multiple comparisons.},
  author={Nemenyi, Peter Bjorn},
  year={1963},
  publisher={Princeton University}
}
